<?xml version="1.0" encoding="UTF-8"?><collection xmlns="http://www.loc.gov/MARC21/slim"><record><leader>00375nam--2200145-i-4500</leader><controlfield tag="001">000041316</controlfield><controlfield tag="002">20161230</controlfield><controlfield tag="005">20161230201043</controlfield><controlfield tag="008">060222s1000------------r-----000-0-eng-d</controlfield><datafield ind1=" " ind2=" " tag="080"><subfield code="a">621.311.2</subfield></datafield><datafield ind1=" " ind2=" " tag="100"><subfield code="a">Seventh,E.C</subfield></datafield><datafield ind1=" " ind2=" " tag="245"><subfield code="a">Photovoltaic solar energy conference</subfield></datafield><datafield ind1=" " ind2=" " tag="260"><subfield code="a">Dordrecht, D.Reidel Publ.Comp.,1986. Xxxvii+1266 P</subfield></datafield><datafield ind1=" " ind2=" " tag="700"><subfield code="a">A.Goetzberger</subfield></datafield><datafield ind1=" " ind2=" " tag="852"><subfield code="a">79639</subfield></datafield></record></collection>